%% This BibTeX bibliography file was created using BibDesk.
%% http://bibdesk.sourceforge.net/

%% Created for Verity at 2018-06-27 10:42:37 +0300 


%% Saved with string encoding Unicode (UTF-8) 



@article{mfiles.TN.2012,
	Date-Added = {2018-06-27 07:36:35 +0000},
	Date-Modified = {2018-06-27 07:42:37 +0000},
	Journal = {{MFiles}},
	Title = {{Thomas Newman -- Updating the Family Tradition [Электронный ресурс]}},
	Url = {https://www.mfiles.co.uk/composers/Thomas-Newman.htm},
	Year = {2012}}

@article{lochner.TN.00,
	Author = {Lochner, Jim},
	Date-Added = {2018-06-27 07:13:26 +0000},
	Date-Modified = {2018-06-27 07:16:06 +0000},
	Journal = {{Film Score Click Track}},
	Title = {{9 Favorite Film Scores of Thomas Newman [Электронный ресурс]}},
	Url = {http://filmscoreclicktrack.com/9-favorite-film-scores-of-thomas-newman/}}

@book{hischak.encyclopedia.2015,
	Author = {Hischak, Thomas S.},
	Date-Added = {2018-06-27 07:10:24 +0000},
	Date-Modified = {2018-06-27 07:12:21 +0000},
	Pages = {836},
	Publisher = {Rowman & Littlefield},
	Title = {{The Encyclopedia of Film Composers}},
	Year = {2015}}

@article{box.TN.2016,
	Date-Added = {2018-06-27 07:05:56 +0000},
	Date-Modified = {2018-06-27 07:07:56 +0000},
	Journal = {{Box Office Scoop}},
	Month = {19 февраля},
	Title = {{Cult Movies Under Our Scoop -- American Beauty [Электронный ресурс]}},
	Url = {http://www.boxofficescoop.com/cult-movies-under-our-scoop-american-beauty/},
	Year = {2016}}

@article{filmtracks.TN.2004,
	Date-Added = {2018-06-27 06:52:22 +0000},
	Date-Modified = {2018-06-27 06:54:10 +0000},
	Journal = {Filmtracks: Modern Soundtrack Reviews},
	Month = {17 декабря},
	Title = {{Lemony Snicket's a Series of Unfortunate Events: Editorial Review [Электронный ресурс]}},
	Url = {http://www.filmtracks.com/titles/lemony_snicket.html},
	Year = {2004}}

@article{brecher.TN.2004,
	Author = {Brecher, Daniel},
	Date-Added = {2018-06-27 06:42:31 +0000},
	Date-Modified = {2018-06-27 06:43:55 +0000},
	Journal = {Soundtrack.net},
	Month = {13 декабря},
	Title = {{"Lemony Snicket's a Series of Unfortunate Events" Score Review}},
	Url = {https://www.soundtrack.net/album/lemony-snickets-a-series-of-unfortunate-events/},
	Year = {2004}}

@article{cassidy.TN.2010,
	Author = {Cassidy, Kevin},
	Date-Added = {2018-06-27 06:28:08 +0000},
	Date-Modified = {2018-06-27 06:33:48 +0000},
	Journal = {Reuters},
	Month = {27 октября},
	Title = {{Film composer Thomas Newman immersed in music [Электронный ресурс]}},
	Url = {https://www.reuters.com/article/us-thomasnewman/film-composer-thomas-newman-immersed-in-music-idUSTRE69Q0OY20101027},
	Year = {2010}}

@article{richards.TN.2014,
	Author = {Richards, Mark},
	Date-Added = {2018-06-27 06:15:33 +0000},
	Date-Modified = {2018-06-27 06:21:23 +0000},
	Journal = {{Film Music Notes}},
	Title = {{Oscar Nominees 2014, Best Original Score (Part 2 of 6): Thomas Newman's Saving Mr. Banks [Электронный ресурс]}},
	Url = {http://www.filmmusicnotes.com/oscar-nominees-2014-best-original-score-part-2-of-6-thomas-newmans-saving-mr-banks/},
	Year = {2014}}

@book{bychkov.estetika.2012,
	Author = {Бычков, Виктор Васильевич},
	Date-Added = {2018-06-25 08:16:34 +0000},
	Date-Modified = {2018-06-25 08:17:18 +0000},
	Pages = {528},
	Publisher = {М.: КНОРУС},
	Title = {{Эстетика: Учебник}},
	Year = {2012}}

@book{bychkov.estetika.2004,
	Author = {Бычков, Виктор Васильевич},
	Date-Added = {2018-06-25 08:15:41 +0000},
	Date-Modified = {2018-06-25 08:17:30 +0000},
	Pages = {556},
	Publisher = {М.: Гардарики},
	Title = {{Эстетика: Учебник}},
	Year = {2004}}

@book{taft.statyi.2011,
	Author = {Тафт, Роберт Френсис},
	Date-Added = {2018-06-21 00:24:50 +0000},
	Date-Modified = {2018-06-21 00:26:18 +0000},
	Editor = {Голованов, С.},
	Pages = {416},
	Publisher = {Омск},
	Title = {{Статьи. Т. 1. Литургика}},
	Year = {2011}}

@webpage{virgin.catholic.1970,
	Date-Added = {2018-06-21 00:20:40 +0000},
	Date-Modified = {2018-06-21 00:22:18 +0000},
	Title = {{Information Packet on the Vocation to Consecrated Virginity for Women Living in the World}},
	Url = {https://consecratedvirgins.org/usacv/sites/default/files/documents/VocRes1-1InfoPkt.pdf},
	Year = {2006}

@book{trebnik.1884,
	Date-Added = {2018-06-21 00:12:40 +0000},
	Date-Modified = {2018-06-21 00:19:14 +0000},
	Pages = {626},
	Publisher = {СПб: Троице-Сергиева Лавра},
	Title = {{«Большой» Требник}},
	Year = {1995 (Репринт 1884. Синодальный)}}

@book{taft.rastut.2009,
	Author = {Тафт, Р. Ф.},
	Date-Added = {2018-06-20 23:35:26 +0000},
	Date-Modified = {2018-06-20 23:36:21 +0000},
	Pages = {123},
	Publisher = {Киев: Quo Vadis},
	Title = {Как растут литургии},
	Year = {2009}}

@book{dmitriyevskiy.opisaniye.1901,
	Author = {Дмитриевский, А. А.},
	Date-Added = {2018-06-20 17:07:51 +0000},
	Date-Modified = {2018-06-20 17:08:49 +0000},
	Publisher = {Киев},
	Title = {{Описание литургических рукописей, хранящихся в библиотеках православного Востока. Т. 2: Ευχολόγια.}},
	Year = {1901}}

@book{palmov.postrijeniye.1914,
    language = {russian},
	Author = {Пальмов, Н. Н.},
	Date-Added = {2018-06-20 15:50:25 +0000},
	Date-Modified = {2018-06-20 15:51:41 +0000},
	Numpages = {308},
	Publisher = {Киев},
	Title = {{Пострижение в монашество: Чины пострижения в монашество в греческой церкви. Историко-археологическое исследование}},
	Year = {1914}}

@article{lotmanl.melnikov.1956,
	Author = {Лотман, Лидия Михайловна},
	Date-Added = {2018-06-20 05:16:15 +0000},
	Date-Modified = {2018-06-20 05:23:01 +0000},
	Journal = {История русской литературы: В 10 т. --- М.; Л.: Изд-во АН СССР},
	Pages = {198--227},
	Publisher = {М.; Л.: Изд-во АН СССР},
	Title = {{Мельников--Печерский}},
	Volume = {IX. Литература 70-80-х годов. Ч. 2},
	Year = {1956}}

@book{gelasian.sacramentory.1894,
	Date-Added = {2018-06-20 04:57:57 +0000},
	Date-Modified = {2018-06-20 05:00:14 +0000},
	Editor = {Wilson, Henry Austin},
	Pages = {400},
	Publisher = {Clarendon Press},
	Title = {{Liber sacramentorum Romanae Ecclesiae (the Gelasian Sacramentory)}},
	Year = {1894}}

@book{neselovskiy.4ini.1906,
	Author = {Неселовский, А.},
	Date-Added = {2018-06-19 19:22:56 +0000},
	Date-Modified = {2018-06-19 19:24:15 +0000},
	Pages = {375},
	Publisher = {{Каменец-Подольск : тип. С.П. Киржацкого}},
	Title = {Чины хиротесий и хиротоний},
	Year = {1906}}

@article{pravenc.artts.20,
	Date-Added = {2018-06-19 13:50:35 +0000},
	Date-Modified = {2018-06-19 13:52:25 +0000},
		Author = {Ткаченко, А. А.},
	Journal = {{Православная Энциклопедия под редакцией Патриарха Московского и всея Руси Кирилла}},
	Title = {Девы [Электронный ресурс]},
	Note = {Режим доступа: http://www.pravenc.ru/}

@book{barberini.evhologiy.2011,
	Date-Added = {2018-06-19 12:55:42 +0000},
	Date-Modified = {2018-06-21 00:08:19 +0000},
	Editor = {Велковская, Е. AND Паренти, С.},
	Pages = {512},
	Publisher = {Омск: Голованов},
	Title = {{Барберини Евхологий гр. 336. («Св. Марка»)}},
	Year = {2011}}

@book{krasnoseltcev.uprazdnenniye.1889,
	Author = {Красносельцев, Н. Ф.},
	Date-Added = {2018-06-15 06:31:58 +0000},
	Date-Modified = {2018-06-21 00:07:14 +0000},
	Pages = {254},
	Publisher = {М.: URSS},
	Title = {К истории православного богослужения по поводу некоторых церковных служб и обрядов ныне не употребляющихся},
	Year = {2014}}

@book{bychkov.lexikon.2003,
	Author = {Бычков, Виктор Васильевич},
	Date-Added = {2018-05-28 05:09:24 +0000},
	Date-Modified = {2018-05-28 05:13:47 +0000},
	Pages = {608},
	Publisher = {{М.: 'Российская политическая энциклопедия' (РОССПЭН)}},
	Title = {{Лексикон нонклассики: художественно-эстетическая культура XX века}},
	Year = {2003}}

@incollection{holopov.dissonans.2003,
	Author = {Холопов, Юрий Николаевич},
	Booktitle = {{Лексикон нонклассики: художественно-эстетическая культура XX века}},
	Date-Modified = {2018-05-28 05:13:27 +0000},
	Pages = {608},
	Publisher = {{М.: 'Российская политическая энциклопедия' (РОССПЭН)}},
	Title = {Диссонанс и консонанс},
	Year = {2003}}

@article{trubeckoy.inoye.1922,
	Author = {Трубецкой, Евгений Николаевич},
	Date-Added = {2018-05-23 10:47:40 +0000},
	Date-Modified = {2018-05-23 10:51:10 +0000},
	Journal = {Литературная учёба},
	Number = {2},
	Pages = {100-118},
	Title = {«Иное царство» и его искатели в русской народной сказке},
	Year = {1990}}

@electronic{coppola.gq.2010,
	Author = {Coppola, Francis Ford},
	Date-Added = {2018-05-10 11:41:38 +0000},
	Date-Modified = {2018-05-10 11:41:38 +0000},
	Title = {{Apocalypse, Again}},
	Url = {https://www.gq.com/story/francis-ford-coppola-apocalypse-now},
	Urldate = {2018-04-20},
	Year = {2010},
	Bdsk-Url-1 = {http://www.carterburwell.com/projects/Fargo.shtml}}

@book{conrad.heart.1899,
	Author = {Конрад, Джозеф},
	Date-Added = {2018-05-09 06:29:53 +0000},
	Date-Modified = {2018-05-09 06:30:28 +0000},
	Publisher = {Азбука},
	Title = {Сердце тьмы: и другие повести},
	Year = {1999}}

@electronic{burwell.fargo.1996,
	Author = {Carter, Burwell},
	Date-Added = {2018-05-09 06:09:36 +0000},
	Date-Modified = {2018-05-09 06:09:36 +0000},
	Title = {{Carter's Notes}},
	Url = {http://www.carterburwell.com/projects/Fargo.shtml},
	Urldate = {2018-04-20},
	Year = {1996},
	Bdsk-Url-1 = {http://www.carterburwell.com/projects/Fargo.shtml}}

@electronic{moog.apocalypse.2016,
	Author = {Moog, Bob},
	Date-Added = {2018-05-03 12:59:23 +0000},
	Date-Modified = {2018-05-10 11:42:31 +0000},
	Title = {{Apocalypse Now: The Synthesizer Soundtrack}},
	Url = {https://www.keyboardmag.com/artists/apocalypse-now-the-synthesizer-soundtrack},
	Urldate = {2018-04-20},
	Year = {2016},
	Bdsk-Url-1 = {http://www.carterburwell.com/projects/Fargo.shtml}}

@electronic{sanchez.birdman.2014,
	Author = {Sanchez, Antonio},
	Date-Added = {2018-05-03 12:06:43 +0000},
	Date-Modified = {2018-05-03 13:00:33 +0000},
	Title = {{Birdman's Beating Heart: An Interview with Composer Antonio Sanchez}},
	Url = {http://thefilmexperience.net/blog/2014/10/17/birdmans-beating-heart-an-interview-with-composer-antonio-sa.html},
	Urldate = {2018-04-20},
	Year = {2014},
	Bdsk-Url-1 = {http://www.carterburwell.com/projects/Fargo.shtml}}

@electronic{inarritu.sanchez.2015,
	Author = {Carter, Burwell},
	Date-Added = {2018-04-25 11:37:09 +0000},
	Date-Modified = {2018-05-03 12:23:40 +0000},
	Title = {{Why Golden Globe Winner Alejandro Gonz{\'a}lez I{\~n}{\'a}rritu Took Risks on `Birdman'}},
	Url = {http://www.indiewire.com/2015/01/watch-why-golden-globe-winner-alejandro-gonzalez-inarritu-took-risks-on-birdman-189361/},
	Urldate = {2018-04-20},
	Year = {1996},
	Bdsk-Url-1 = {http://www.carterburwell.com/projects/Fargo.shtml}}

@phdthesis{ry4kov.dis.2013,
	Author = {Рычков, Константин Николаевич},
	Comments = {ry4kov.dis.2013},
	Date-Added = {2017-12-11 20:04:15 +0000},
	Date-Modified = {2017-12-11 21:01:15 +0000},
	Keywords = {neunn},
	Pages = {375},
	School = {МГК им. П. И. Чайковского, Москва},
	Title = {{Музыка в современном коммерческом кинематографе США: проблемы истории и теории}},
	Type = {диссертация ... кандидата искусствоведения},
	Year = {2013}}

@book{said.musical.1993,
	Author = {Said, Edward W.},
	Comments = {said.musical.1993},
	Date-Added = {2017-12-11 18:27:39 +0000},
	Date-Modified = {2017-12-11 18:28:19 +0000},
	Keywords = {neunn},
	Publisher = {Columbia University Press},
	Title = {{Musical Elaborations}},
	Year = {1993}}

@book{duncan.charms.2003,
	Author = {Duncan, Dean W.},
	Comments = {duncan.charms.2003},
	Date-Added = {2017-12-11 18:18:38 +0000},
	Date-Modified = {2017-12-11 18:20:25 +0000},
	Keywords = {neunn},
	Pages = {211},
	Place = {mac},
	Publisher = {Fordham University Press},
	Title = {{Charms That Soothe: Classical Music and The Narrative Film}},
	Year = {2003}}

@article{burlingame.TN.2000,
	Author = {Burlingame, John},
	Comments = {burlingame.TN.2000},
	Date-Added = {2017-12-11 17:59:12 +0000},
	Date-Modified = {2017-12-11 18:00:17 +0000},
	Journal = {Variety},
	Keywords = {neunn},
	Month = {January},
	Title = {{Spotlight: Thomas Newman}},
	Url = {http://variety.com/2000/music/news/spotlight-thomas-newman-1117761178/},
	Year = {2000},
	Bdsk-Url-1 = {http://variety.com/2000/music/news/spotlight-thomas-newman-1117761178/}}

@article{miller.TN.2004,
	Author = {Miller, Drew},
	Comments = {miller.TN.2004},
	Date-Added = {2017-12-11 17:55:41 +0000},
	Date-Modified = {2017-12-11 17:58:13 +0000},
	Journal = {{Stylus Magazine}},
	Keywords = {neunn},
	Lastchecked = {07.07.2017},
	Month = {July},
	Title = {{A Kiss After Supper: American Beauty}},
	Url = {http://stylusmagazine.com/articles/a_kiss_after_supper/american-beauty.htm},
	Year = {2004},
	Bdsk-Url-1 = {http://stylusmagazine.com/articles/a_kiss_after_supper/american-beauty.htm}}

@book{richardson.eye.2012,
	Author = {Richardson, John},
	Comments = {richardson.eye.2012},
	Date-Added = {2017-12-11 17:51:05 +0000},
	Date-Modified = {2017-12-11 17:52:53 +0000},
	Keywords = {neunn},
	Pages = {323},
	Publisher = {OUP USA},
	Title = {{An Eye for Music: Popular Music and the Audiovisual Surreal}},
	Year = {2012}}

@electronic{faustini.TN.2016,
	Author = {Faustini, Filippo},
	Comments = {faustini.TN.2016},
	Date-Added = {2017-12-11 17:39:14 +0000},
	Date-Modified = {2017-12-11 17:50:28 +0000},
	Keywords = {neunn},
	Lastchecked = {07.06.2017},
	Month = {October},
	Title = {{American Beauty - Three Layers of Representation in Newman's Score}},
	Url = {https://ru.scribd.com/document/326986893/American-Beauty-Three-Layers-of-Representation-in-Newman-s-Score},
	Year = {2016},
	Bdsk-Url-1 = {https://ru.scribd.com/document/326986893/American-Beauty-Three-Layers-of-Representation-in-Newman-s-Score}}

@electronic{mayrand.TN.2015,
	Author = {Mayrand, Alain},
	Comments = {mayrand.TN.2015},
	Date-Added = {2017-12-11 17:35:59 +0000},
	Date-Modified = {2017-12-11 17:50:49 +0000},
	Keywords = {neunn},
	Lastchecked = {05.07.2017},
	Month = {May},
	Title = {{Pacing and balance in Thomas Newman's score for American Beauty}},
	Url = {http://gettingthescore.com/index.php/pacing-and-balance-in-thomas-newmans-score-for-american-beauty/},
	Year = {2015},
	Bdsk-Url-1 = {http://gettingthescore.com/index.php/pacing-and-balance-in-thomas-newmans-score-for-american-beauty/}}

@book{glenn.pyramids.1994,
	Author = {Watkins, Glenn},
	Comments = {glenn.pyramids.1994},
	Date-Added = {2017-12-11 08:52:12 +0000},
	Date-Modified = {2017-12-11 08:58:37 +0000},
	Keywords = {neun},
	Publisher = {Cambridge, Mass.: Belknap Press},
	Title = {Pyramids at the Louvre: Music, Culture and Collage from Stravinsky to the Postmodernists},
	Year = {1994}}

@book{rodman.tuning.2010,
	Author = {Rodman, Ronald},
	Comments = {rodman.tuning.2010},
	Date-Added = {2017-12-11 08:44:01 +0000},
	Date-Modified = {2017-12-11 08:51:17 +0000},
	Keywords = {neun},
	Pages = {356},
	Publisher = {Oxford: Oxford University Press},
	Title = {{Tuning In: American Narrative Television Music}},
	Year = {2010}}

@book{reich.writings.2002,
	Author = {Reich, Steve},
	Comments = {reich.writings.2002},
	Date-Added = {2017-12-11 08:38:39 +0000},
	Date-Modified = {2017-12-11 08:40:02 +0000},
	Editor = {Hillier, Paul and Reich, Steve},
	Keywords = {neun},
	Pages = {272},
	Publisher = {Oxford and New York: Oxford University Press},
	Title = {{Writings on Music}},
	Year = {2002}}

@incollection{neumeyer-buhler.analytical.2001,
	Author = {Neumeyer, David and Buhler, James},
	Booktitle = {Film music: Critical approaches},
	Comments = {neumeyer-buhler.analytical.2001},
	Date-Added = {2017-12-11 08:36:58 +0000},
	Date-Modified = {2017-12-11 08:38:30 +0000},
	Editor = {Donnelly, K. J.},
	Keywords = {neun},
	Publisher = {Edinburgh: University of Edinburgh Press},
	Title = {{Analytical and interpretive approaches to film music (I): Analyzing the music}},
	Year = {2001}}

@book{artts.music-and-cinema.2000,
	Comments = {artts.music-and-cinema.2000},
	Date-Added = {2017-12-11 08:34:25 +0000},
	Date-Modified = {2017-12-11 08:36:33 +0000},
	Editor = {Buhler, James and Flinn, Caryl and Neumeyer, David},
	Keywords = {neun},
	Publisher = {USA: Wesleyan University Press},
	Title = {{Music and Cinema: Music Culture}},
	Year = {2000}}

@book{macdonald.invisible.1998,
	Author = {MacDonald, Laurence},
	Comments = {macdonald.invisible.1998},
	Date-Added = {2017-12-11 08:32:06 +0000},
	Date-Modified = {2017-12-11 08:32:59 +0000},
	Keywords = {neun},
	Publisher = {New York: Ardsley House},
	Title = {{The Invisible Art of Film Music}},
	Year = {1998}}

@book{king.new.2002,
	Author = {King, Geoff},
	Comments = {king.new.2002},
	Date-Added = {2017-12-11 08:29:02 +0000},
	Date-Modified = {2017-12-11 08:29:54 +0000},
	Keywords = {neun},
	Publisher = {New York: I.B. Tauris & Co Ltd.},
	Title = {{New Hollywood Cinema: An Introduction}},
	Year = {2002}}

@book{hamm.music.1983,
	Author = {Hamm, Charles},
	Comments = {hamm.music.1983},
	Date-Added = {2017-12-11 08:26:51 +0000},
	Date-Modified = {2017-12-11 08:27:24 +0000},
	Keywords = {neun},
	Publisher = {NY and Longon: Norton},
	Title = {{Music in the New World}},
	Year = {1983}}

@book{griffits.substance.2005,
	Author = {Griffits, Paul},
	Comments = {griffits.substance.2005},
	Date-Added = {2017-12-11 08:24:05 +0000},
	Date-Modified = {2017-12-11 08:25:15 +0000},
	Keywords = {neun},
	Publisher = {Rochester, N.Y.: University of Rochester Press},
	Title = {{The Substance of Things Heard: Writings about Music}},
	Year = {2005}}

@book{gann.american.1997,
	Author = {Gann, Kyle},
	Comments = {gann.american.1997},
	Date-Added = {2017-12-11 08:22:49 +0000},
	Date-Modified = {2017-12-11 08:23:42 +0000},
	Keywords = {neun},
	Publisher = {New York: Schirmer},
	Title = {{American Music in the Tweintieth Century}},
	Year = {1997}}

@article{gallez.theories.1970,
	Author = {Gallez, Douglas},
	Comments = {gallez.theories.1970},
	Date-Added = {2017-12-11 08:19:36 +0000},
	Date-Modified = {2017-12-11 08:22:24 +0000},
	Journal = {Cinema Journal},
	Keywords = {neun},
	Number = {2},
	Pages = {40-47},
	Title = {Theories of Film Music},
	Volume = {9},
	Year = {1970}}

@book{kompanek.from.2004,
	Author = {Kompanek, Sonny},
	Comments = {kompanek.from.2004},
	Date-Added = {2017-12-11 08:16:59 +0000},
	Date-Modified = {2017-12-11 08:18:20 +0000},
	Keywords = {neun},
	Publisher = {Schirmer Trade Books},
	Title = {{From Score To Screen: Sequencers, Scores And Second Thoughts---The New Film Scoring Process }},
	Year = {2004}}

@book{burt.art.1994,
	Author = {Burt, George},
	Comments = {burt.art.1994},
	Date-Added = {2017-12-11 08:14:57 +0000},
	Date-Modified = {2017-12-11 08:15:37 +0000},
	Keywords = {neun},
	Publisher = {Boston: Northeastern University Press},
	Title = {{The Art of Film Music}},
	Year = {1994}}

@book{donnelly.film.2001,
	Comments = {donnelly.film.2001},
	Date-Added = {2017-12-11 08:11:08 +0000},
	Date-Modified = {2017-12-11 08:12:12 +0000},
	Editor = {Donnelly, K. J.},
	Keywords = {neun},
	Publisher = {New York: Continuum International Publishing Group},
	Title = {{Film Music: Critical Approaches}},
	Year = {2001}}

@book{duckworth.talking.1995,
	Author = {Duckworth, William},
	Comments = {duckworth.talking.1995},
	Date-Added = {2017-12-11 07:55:16 +0000},
	Date-Modified = {2017-12-11 07:59:10 +0000},
	Keywords = {neun},
	Publisher = {London: Prentice-Hall},
	Title = {{Talking Music: Conversations with John Cage, Philip Glass, Laurie Anderson, and Five Generations of American Experimental Composers}},
	Year = {1995}}

@incollection{cooper.herrmann.2001,
	Author = {Cooper, David},
	Booktitle = {Film score guides},
	Comments = {cooper.herrmann.2001},
	Date-Added = {2017-12-11 07:53:40 +0000},
	Date-Modified = {2017-12-11 07:55:11 +0000},
	Keywords = {neun},
	Publisher = {London},
	Title = {{Bernard Herrmann's "Vertigo": a film score handbook}},
	Volume = {2},
	Year = {2001}}

@book{cooke.history.2008,
	Author = {Cooke, Mervyn},
	Comments = {cooke.history.2008},
	Date-Added = {2017-12-11 07:52:29 +0000},
	Date-Modified = {2017-12-11 07:53:34 +0000},
	Keywords = {neun},
	Publisher = {Cambridge, UK:Cambridge University Press},
	Title = {{A History of Film Music}},
	Year = {2008}}

@article{annabel.assoc-ism.1993,
	Author = {Annabel, J. Cohen},
	Comments = {annabel.assoc-ism.1993},
	Date-Added = {2017-12-11 07:47:11 +0000},
	Date-Modified = {2017-12-11 07:51:15 +0000},
	Journal = {Contemporary Music Review},
	Keywords = {neun},
	Number = {1-2},
	Pages = {163-178},
	Place = {mac},
	Title = {{Associationism and Musical Soundtrack Phenomena}},
	Volume = {9},
	Year = {1993}}

@incollection{carroll.music.2011,
	Author = {Carroll, No{\"e}l and Moore, Margaret},
	Booktitle = {{The Routledge Companion to the Philosophy of Music}},
	Comments = {carroll.music.2011},
	Date-Added = {2017-12-11 07:43:22 +0000},
	Date-Modified = {2017-12-11 07:45:30 +0000},
	Editor = {Gracyk, Theodore and Kania, Andrew},
	Keywords = {neun},
	Pages = {456-467},
	Publisher = {London: Routledge},
	Title = {{Music and Motion Pictures}},
	Year = {2011}}

@book{carroll.mystifying.1988,
	Author = {Carroll, No{\"e}l},
	Comments = {carroll.mystifying.1988},
	Date-Added = {2017-12-11 07:42:18 +0000},
	Date-Modified = {2017-12-11 07:43:20 +0000},
	Keywords = {neun},
	Publisher = {New York: Columbia University Press},
	Title = {{Mystifying Movies: Fads and Fallacies in Contemporary Film Theory}},
	Year = {1988}}

@book{mayshark.post-pop.2007,
	Author = {Mayshark, Jesse Fox},
	Comments = {mayshark.post-pop.2007},
	Date-Added = {2017-12-11 07:36:23 +0000},
	Date-Modified = {2017-12-11 07:38:09 +0000},
	Keywords = {neun},
	Pages = {198},
	Place = {mac},
	Publisher = {London: Praeger},
	Title = {{Post-Pop Cinema: The Search for Meaning in New American Film}},
	Year = {2007}}

@book{adorno.composing.1947,
	Author = {Adorno, Theodore and Eisler, Hans},
	Comments = {adorno.composing.1947},
	Date-Added = {2017-12-11 07:33:38 +0000},
	Date-Modified = {2017-12-11 18:59:59 +0000},
	Keywords = {neun},
	Publisher = {London: Continuum},
	Title = {{Composing for the Films}},
	Year = {2007}}

@book{byron-almen.theory.2008,
	Author = {Byron, Alm{\'e}n},
	Comments = {byron-almen.theory.2008},
	Date-Added = {2017-12-11 07:32:38 +0000},
	Date-Modified = {2017-12-11 07:33:35 +0000},
	Keywords = {neun},
	Publisher = {Bloomington and Indianapolis: Indiana University Press},
	Title = {{A Theory of Musical Narrative}},
	Year = {2008}}

@article{doug.horner.1998,
	Author = {Doug, Adams},
	Comments = {doug.horner.1998},
	Date-Added = {2017-12-11 07:30:44 +0000},
	Date-Modified = {2017-12-11 07:31:49 +0000},
	Journal = {Film Score Monthly},
	Keywords = {neun},
	Number = {3},
	Pages = {38-43},
	Title = {{A Score to Remember?: James Horner's Technique Critiqued}},
	Volume = {3},
	Year = {1998}}

@article{denyer.how.2012,
	Author = {Denyer, David},
	Comments = {denyer.how.2012},
	Date-Added = {2017-12-11 07:22:33 +0000},
	Date-Modified = {2017-12-11 07:25:14 +0000},
	Journal = {Leeds College of Music},
	Keywords = {neun},
	Month = {May},
	Place = {mac},
	Title = {{How scores engage with classical repertoire}},
	Year = {2012}}

@book{brown.overtones.1994,
	Author = {Brown, Royal S.},
	Comments = {brown.overtones.1994},
	Date-Added = {2017-12-11 07:20:50 +0000},
	Date-Modified = {2017-12-11 07:21:34 +0000},
	Keywords = {neun},
	Publisher = {Berkley and Los Angeles: U. of California Press},
	Title = {{Overtones and Undertones: Reading Film Music}},
	Year = {1994}}

@book{prendergast.film.1977,
	Author = {Prendergast, Roy},
	Comments = {prendergast.film.1977},
	Date-Added = {2017-12-11 07:19:37 +0000},
	Date-Modified = {2017-12-11 07:20:22 +0000},
	Keywords = {neun},
	Publisher = {New York: Norton},
	Title = {{Film Music: A Neglected Art}},
	Year = {1977}}

@book{gorbman.unheard.1987,
	Author = {Gorbman, Claudia},
	Comments = {gorbman.unheard.1987},
	Date-Added = {2017-12-11 07:17:36 +0000},
	Date-Modified = {2017-12-11 07:18:37 +0000},
	Keywords = {neun},
	Publisher = {Bloomington, IN: Indiana University Press},
	Title = {{Unheard Melodies: Narrative Film Music}},
	Year = {1987}}

@phdthesis{schneller.doc.2012,
	Author = {Schneller, Tom},
	Comments = {schneller.doc.2012},
	Date-Added = {2017-12-11 07:15:35 +0000},
	Date-Modified = {2017-12-11 07:17:12 +0000},
	Keywords = {neun},
	Month = {August},
	Pages = {126},
	Place = {mac},
	School = {Cornell U.},
	Title = {{Flexible Units: Short Phrases and Intervallic Cells in the Film Music of Bernard Herrmann}},
	Type = {dis. ... doc. of mus. arts},
	Year = {2008}}

@article{schneller.easy.2012,
	Author = {Schneller, Tom},
	Comments = {schneller.easy.2012},
	Date-Added = {2017-12-11 07:09:54 +0000},
	Date-Modified = {2017-12-11 07:15:33 +0000},
	Journal = {{Journal of Film Music}},
	Keywords = {neun},
	Number = {1-2},
	Pages = {127-151},
	Place = {mac},
	Title = {{Easy to Cut: Modular Form in the Film Scores of Bernard Herrmann}},
	Volume = {5},
	Year = {2012}}

@incollection{stillwell.x-files.2003,
	Author = {Stilwell, Robynn J.},
	Booktitle = {{Analyzing Popular Music}},
	Comments = {stillwell.x-files.2003},
	Date-Added = {2017-12-11 07:02:03 +0000},
	Date-Modified = {2017-12-11 07:04:28 +0000},
	Editor = {Moore, Alan},
	Keywords = {neun},
	Place = {mac},
	Publisher = {Cambridge, UK:Cambridge University Press},
	Title = {{The sound is 'out there': score, sound deign and exoticism in «The X-Files»}},
	Year = {2003}}

@article{blake.timbre.2012,
	Author = {Blake, David K.},
	Comments = {blake.timbre.2012},
	Date-Added = {2017-12-11 06:56:24 +0000},
	Date-Modified = {2017-12-11 06:57:35 +0000},
	Journal = {Society for Music Theory},
	Keywords = {neun},
	Month = {Jun},
	Number = {2},
	Place = {mac},
	Title = {{Timbre as Differentiation in Indie Music}},
	Volume = {18},
	Year = {2012}}

@article{leydon.clean.2012,
	Annote = {135.	Leydon, Rebecca. Clean as a Whistle: Timbral Trajectories and the Modern Musical Sublime },
	Author = {Leydon, Rebecca},
	Comments = {leydon.clean.2012},
	Date-Added = {2017-12-11 06:48:14 +0000},
	Date-Modified = {2017-12-11 06:49:53 +0000},
	Journal = {эссе},
	Keywords = {neun},
	Month = {Feb.},
	Place = {mac},
	Title = {{Clean as a Whistle: Timbral Trajectories and the Modern Musical Sublime }},
	Year = {2012}}

@periodical{leydon.tropes.2002,
	Annote = {Leydon R. Towards a typology of minimalist tropes //Music theory online. -- 2002. -- Т. 8. -- №. 4.},
	Author = {Leydon, Rebecca},
	Comments = {leydon.tropes.2002},
	Date-Added = {2017-12-11 06:39:40 +0000},
	Date-Modified = {2017-12-11 06:41:44 +0000},
	Journal = {Music theory online},
	Keywords = {neun},
	Pages = {4},
	Place = {web},
	Title = {Towards a typology of minimalist tropes},
	Volume = {8},
	Year = {2002}}

@book{artts.postmodern-music.2013,
	Comments = {artts.postmodern-music.2013},
	Date-Added = {2017-12-09 23:13:24 +0000},
	Date-Modified = {2017-12-09 23:14:45 +0000},
	Editor = {Lochhead, J. and Auner, J.},
	Keywords = {neu},
	Publisher = {New York: Routledge},
	Title = {Postmodern music/postmodern thought},
	Year = {2013}}

@book{lotman.dialog.1994,
	Author = {Лотман, Юрий Михайлович and Цивьян, Ю.},
	Comments = {lotman.dialog.1994},
	Date-Added = {2017-12-09 23:01:12 +0000},
	Date-Modified = {2017-12-09 23:02:52 +0000},
	Keywords = {neu},
	Pages = {116},
	Publisher = {Таллинн: Александра},
	Title = {Диалог с экраном},
	Year = {1994}}

@book{lotman.kino.1973,
	Author = {Лотман, Юрий Михайлович},
	Comments = {lotman.kino.1973},
	Date-Added = {2017-12-09 22:57:12 +0000},
	Date-Modified = {2017-12-09 22:58:02 +0000},
	Keywords = {neu},
	Publisher = {Изд-во «Ээсти раамат»},
	Title = {Семиотика кино и проблемы киноэстетики},
	Year = {1973}}

@incollection{shnitke.rodstvo.2002,
	Author = {Шнитке, А.Г.},
	Booktitle = {Из личных архивов профессоров Московской консерватории},
	Comments = {shnitke.rodstvo.2002},
	Date-Added = {2017-12-09 22:47:55 +0000},
	Date-Modified = {2017-12-09 22:48:56 +0000},
	Editor = {Григорьева, Г.В.},
	Keywords = {neu},
	Pages = {91-102},
	Publisher = {М.: МГК им. П.И. Чайковского},
	Title = {Родство тембров и его функциональное использование},
	Year = {2002}}

@incollection{shnitke.osnovniye.2002,
	Author = {Шнитке, А.Г.},
	Booktitle = {Из личных архивов профессоров Московской консерватории},
	Comments = {shnitke.osnovniye.2002},
	Date-Added = {2017-12-09 22:46:27 +0000},
	Date-Modified = {2017-12-09 22:47:50 +0000},
	Editor = {Григорьева, Г.В.},
	Keywords = {neu},
	Pages = {85-90},
	Publisher = {М.: МГК им. П.И. Чайковского},
	Title = {Основные направления и тенденции в современной инструментовке},
	Year = {2002}}

@periodical{shnitke.soyedinyaya.1999,
	Author = {Шнитке, А.Г.},
	Comments = {shnitke.soyedinyaya.1999},
	Date-Added = {2017-12-09 22:45:32 +0000},
	Date-Modified = {2017-12-09 22:46:10 +0000},
	Journal = {Искусство кино},
	Keywords = {neu},
	Pages = {55-66},
	Title = {Соединяя несоединимое},
	Volume = {2},
	Year = {1999}}

@periodical{shnitke.voprosi.1988,
	Author = {Шнитке, А.Г.},
	Comments = {shnitke.voprosi.1988},
	Date-Added = {2017-12-09 22:44:14 +0000},
	Date-Modified = {2017-12-09 22:45:25 +0000},
	Journal = {Вопросы философии},
	Keywords = {neu},
	Pages = {132-142},
	Title = {{Музыка в звукозрительном синтезе (Э. Артемьев, Г. Канчели, И. Шварц)}},
	Volume = {2},
	Year = {1988}}

@book{shnitke.statyi.2004,
	Author = {Шнитке, А.Г.},
	Comments = {shnitke.statyi.2004},
	Date-Added = {2017-12-09 22:43:11 +0000},
	Date-Modified = {2017-12-09 22:44:12 +0000},
	Editor = {Ивашкин, А.},
	Keywords = {neu},
	Publisher = {М.,},
	Title = {Статьи о музыке},
	Year = {2004}}

@periodical{shnitke.polistilisti4eskiye.1988,
	Author = {Шнитке, А.Г.},
	Comments = {shnitke.polistilisti4eskiye.1988},
	Date-Added = {2017-12-09 22:41:14 +0000},
	Date-Modified = {2017-12-09 22:43:01 +0000},
	Journal = {Музыка в СССР},
	Keywords = {neu},
	Pages = {22-24},
	Title = {Полистилистические тенденции современной музыки},
	Volume = {Апрель-июнь},
	Year = {1988}}

@book{artts.stroyeniye.1984,
	Comments = {artts.stroyeniye.1984},
	Date-Added = {2017-12-09 22:38:11 +0000},
	Date-Modified = {2017-12-09 22:40:31 +0000},
	Editor = {Разлогов, К.},
	Keywords = {neu},
	Pages = {267},
	Publisher = {М.: "Радуга"},
	Title = {{Строение фильма. Некоторые проблемы анализа произведений экрана. Сб. ст.}},
	Year = {1984}}

@inproceedings{ru4yevskaya.tematizm.1976,
	Author = {Ручьевская, Е.А.},
	Booktitle = {Современные вопросы музыкознания, сб. ст.},
	Comments = {ru4yevskaya.tematizm.1976},
	Date-Added = {2017-12-09 22:33:39 +0000},
	Date-Modified = {2017-12-09 22:34:54 +0000},
	Editor = {Орлова, Е.М.},
	Keywords = {neu},
	Title = {Тематизм и форма в методологии анализа музыки ХХ века},
	Year = {1976}}

@book{ru4yevskaya.funkcii.1977,
	Author = {Ручьевская, Е.А.},
	Comments = {ru4yevskaya.funkcii.1977},
	Date-Added = {2017-12-09 22:32:32 +0000},
	Date-Modified = {2017-12-09 22:33:37 +0000},
	Keywords = {neu},
	Pages = {160},
	Publisher = {Л.: Музыка},
	Title = {Функции музыкальной темы},
	Year = {1977}}

@book{petrov.dialog.1982,
	Author = {Петров, А.В. and Колесникова, Н.},
	Comments = {petrov.dialog.1982},
	Date-Added = {2017-12-09 22:31:08 +0000},
	Date-Modified = {2017-12-09 22:32:16 +0000},
	Keywords = {neu},
	Pages = {175},
	Publisher = {М.: «Искусство»},
	Title = {Диалог о киномузыке: с комментариями},
	Year = {1982}}

@inproceedings{pereverzeva.sonornaya.2004,
	Author = {Переверзева, М.},
	Booktitle = {{Джон Кейдж. К 90-летию со дня рождения. Науч. труды МГК.}},
	Comments = {pereverzeva.sonornaya.2004},
	Date-Added = {2017-12-09 22:28:15 +0000},
	Date-Modified = {2017-12-09 22:29:57 +0000},
	Editor = {Холопов, Ю. and Ценова, В. and Переверзева, М.},
	Keywords = {neu},
	Pages = {126-140},
	Title = {{Сонорная модальность, или Об одном методе композиции Кейджа}},
	Year = {2004}}

@book{nazaykinskiy.o-psihologii.1972,
	Author = {Назайкинский, Е.},
	Comments = {nazaykinskiy.o-psihologii.1972},
	Date-Added = {2017-12-09 22:26:53 +0000},
	Date-Modified = {2017-12-09 22:28:01 +0000},
	Keywords = {neu},
	Publisher = {М.,},
	Title = {О психологии музыкального восприятия},
	Year = {1972}}

@book{manulkina.amerikanskaya.2010,
	Author = {Манулкина, Ольга Борисовна},
	Comments = {manulkina.amerikanskaya.2010},
	Date-Added = {2017-12-09 22:22:56 +0000},
	Date-Modified = {2017-12-09 22:23:58 +0000},
	Keywords = {neu},
	Pages = {784},
	Publisher = {СПб.: Изд. Ивана Лимбаха},
	Title = {{От Айвза до Адамса: американская музыка ХХ века}},
	Year = {2010}}

@phdthesis{krom.doc.2011,
	Author = {Кром, А.Е.},
	Comments = {krom.doc.2011},
	Date-Added = {2017-12-09 22:20:34 +0000},
	Date-Modified = {2017-12-11 21:01:52 +0000},
	Keywords = {neu},
	Place = {mac},
	School = {Саратов},
	Title = {{«Классическая фаза» американского музыкального минимализма}},
	Type = {дис. ... д-ра искусствоведения},
	Year = {2011}}

@book{ilyin.poststrukturalizm.1996,
	Author = {Ильин, Илья Петрович},
	Comments = {ilyin.poststrukturalizm.1996},
	Date-Added = {2017-12-09 22:17:08 +0000},
	Date-Modified = {2017-12-09 22:18:01 +0000},
	Keywords = {neu},
	Publisher = {М.: Интрада},
	Title = {{Постструктурализм. Деконструктивизм. Постмодернизм}},
	Year = {1996}}

@incollection{ivanov.vremya.1974,
	Author = {Иванов, Вячеслав Всеволодович},
	Booktitle = {Ритм, пространство и время в литературе и искусстве: Сб. ст.},
	Comments = {ivanov.vremya.1974},
	Date-Added = {2017-12-09 22:10:14 +0000},
	Date-Modified = {2017-12-09 22:11:31 +0000},
	Editor = {Егоров, Б.Ф.},
	Keywords = {neu},
	Pages = {39-67},
	Publisher = {Л.: Наука},
	Title = {{Категория времени в искусстве и культуре XX века }},
	Year = {1974}}

@incollection{ivanov.estetika.1998,
	Author = {Иванов, Вячеслав Всеволодович},
	Booktitle = {Избранные труды по семиотике и истории культуры. Т. 1. Знаковые системы. Кино. Поэтика},
	Comments = {ivanov.estetika.1998},
	Date-Added = {2017-12-09 22:06:41 +0000},
	Date-Modified = {2017-12-09 22:08:15 +0000},
	Keywords = {neu},
	Pages = {141-378},
	Publisher = {М.: Школа «Языки русской культуры»},
	Title = {{Эстетика Эйзенштейна}},
	Year = {1998}}

@incollection{ivanov.montaj.1988,
	Author = {Иванов, Вячеслав Всеволодович},
	Booktitle = {Монтаж: Литература. Искусство. Театр. Кино},
	Comments = {ivanov.montaj.1988},
	Date-Added = {2017-12-09 22:02:59 +0000},
	Date-Modified = {2017-12-09 22:05:00 +0000},
	Editor = {Раушенбах, Б.В.},
	Keywords = {neu},
	Pages = {119-149},
	Publisher = {М.: Наука},
	Title = {{Монтаж как принцип построения в культуре первой половины ХХ в.}},
	Year = {1988}}

@book{dubinetz.made.2006,
	Author = {Дубинец, Елена Александровна},
	Comments = {dubinetz.made.2006},
	Date-Added = {2017-12-09 21:58:59 +0000},
	Date-Modified = {2017-12-09 22:00:06 +0000},
	Keywords = {neu},
	Publisher = {М.,},
	Title = {{Made in USA: Музыка --- это всё, что звучит вокруг}},
	Year = {2006}}

@book{jdan.estetika.1987,
	Author = {Ждан, Виталий},
	Comments = {jdan.estetika.1987},
	Date-Added = {2017-12-09 21:50:40 +0000},
	Date-Modified = {2017-12-09 21:51:29 +0000},
	Keywords = {neu},
	Pages = {375},
	Place = {mac},
	Publisher = {М.: «Искусство»},
	Title = {Эстетика экрана и взаимодействие искусств},
	Year = {1987}}

@periodical{eizenstein.zayavka.1928,
	Author = {Эйзенштейн, Сергей and Пудовкин, В. and Александров, Г.},
	Comments = {eizenstein.zayavka.1928},
	Date-Added = {2017-12-09 21:48:07 +0000},
	Date-Modified = {2017-12-09 21:49:41 +0000},
	Journal = {Жизнь искусства},
	Keywords = {neu},
	Pages = {83-85},
	Place = {web},
	Title = {{Будущее звукового фильма: Заявка}},
	Volume = {32},
	Year = {1928}}

@book{asafyev.forma.1971,
	Author = {Асафьев, Борис},
	Comments = {asafyev.forma.1971},
	Date-Added = {2017-12-09 21:36:58 +0000},
	Date-Modified = {2017-12-09 21:38:53 +0000},
	Edition = {2},
	Editor = {Орлова, Е.М.},
	Keywords = {neu},
	Pages = {344},
	Place = {mac},
	Publisher = {Л.: Музыка},
	Title = {Музыкальная форма как процесс},
	Year = {1971}}

@periodical{neumeyer.tonal.1998,
	Author = {Neumeyer, David},
	Comments = {neumeyer.tonal.1998},
	Date-Added = {2017-12-09 21:33:16 +0000},
	Date-Modified = {2017-12-09 21:34:29 +0000},
	Journal = {Indiana Theory Review},
	Keywords = {neu},
	Pages = {87-123},
	Title = {{Tonal Design and Narrative in Film Music: Bernard Herrmann's The Trouble With Harry and Portrait of Hitch}},
	Volume = {19.1-2},
	Year = {1998}}

@periodical{neumeyer.melodrama.1995,
	Author = {Neumeyer, David},
	Comments = {neumeyer.melodrama.1995},
	Date-Added = {2017-12-09 21:31:30 +0000},
	Date-Modified = {2017-12-09 21:33:14 +0000},
	Journal = {Current Musicology},
	Keywords = {neu},
	Pages = {61-94},
	Title = {{Melodrama as a Compositional Resource in Early Hollywood Sound Cinema}},
	Volume = {57},
	Year = {1995}}

@periodical{copland.what.1939,
	Author = {Copland, Aaron},
	Comments = {copland.what.1939},
	Date-Added = {2017-12-09 21:28:08 +0000},
	Date-Modified = {2017-12-09 21:30:30 +0000},
	Journal = {Contemporary Music Review},
	Keywords = {neu},
	Pages = {163-178},
	Title = {{What to Listen for in Music}},
	Volume = {9.1-2},
	Year = {2009}}

@book{eliade.mif.1949,
	Author = {Элиаде, Мирча},
	Comments = {eliade.mif.1949},
	Date-Added = {2017-12-09 21:22:42 +0000},
	Date-Modified = {2017-12-09 21:24:18 +0000},
	Keywords = {neu},
	Pages = {249},
	Publisher = {СПб.: Алетейя},
	Title = {Миф о вечном возвращении},
	Year = {1998}}

@book{toop.ocean.1995,
	Author = {Toop, David},
	Comments = {toop.ocean.1995},
	Date-Added = {2017-12-09 21:19:09 +0000},
	Date-Modified = {2017-12-09 21:20:39 +0000},
	Keywords = {neu},
	Pages = {306},
	Place = {mac},
	Publisher = {London: Serpent's Tail},
	Title = {{Ocean of Sound Aether Talk, Ambient Sound and Imaginary Worlds}},
	Year = {1995}}

@periodical{leotard.a-few.1971,
	Author = {Lyotard, Jean-Fran{\c c}ois},
	Comments = {leotard.a-few.1971},
	Date-Added = {2017-12-09 21:15:44 +0000},
	Date-Modified = {2017-12-09 21:17:15 +0000},
	Journal = {Music/Ideology},
	Keywords = {neu, mr},
	Pages = {15-36},
	Title = {{A few words to sing}},
	Year = {1993}}

@book{mertens.american.1983,
	Author = {Mertens, Wim},
	Comments = {mertens.american.1983},
	Date-Added = {2017-12-09 21:10:49 +0000},
	Date-Modified = {2017-12-09 21:13:17 +0000},
	Keywords = {neu},
	Pages = {128},
	Place = {mac},
	Publisher = {London: Kahn & Averill},
	Title = {{American Minimal Music : La Monte Young, Terry Riley, Steve Reich, Phillip Glass}},
	Year = {1983}}

@book{cage.silence.1961,
	Author = {Cage, John},
	Comments = {cage.silence.1961},
	Date-Added = {2017-12-09 21:06:05 +0000},
	Date-Modified = {2017-12-09 21:09:52 +0000},
	Keywords = {neu},
	Place = {mac},
	Publisher = {Weleyan University Press},
	Title = {{Silence : lectures and writings by John Cage}},
	Year = {2011}}

@incollection{holopov.cage.2004,
	Author = {Холопов, Юрий Николаевич},
	Booktitle = {{Джон Кейдж. К 90-летию со дня рождения. Науч. труды МГК.}},
	Comments = {holopov.cage.2004},
	Date-Added = {2017-12-09 21:00:54 +0000},
	Date-Modified = {2017-12-09 21:03:43 +0000},
	Keywords = {neu},
	Number = {46},
	Pages = {79-90},
	Place = {mac},
	Publisher = {М.,},
	Title = {{Вклад Кейджа в музыкальное мышление ХХ века}},
	Year = {2004}}

@phdthesis{shak.doc.2010,
	Author = {Шак, Т. Ф.},
	Comments = {shak.doc.2010},
	Date-Added = {2017-12-09 20:55:03 +0000},
	Date-Modified = {2017-12-11 21:02:13 +0000},
	Keywords = {neu},
	Pages = {464},
	Place = {mac},
	School = {Краснодар},
	Title = {Музыка в структуре медиатекста (на материале художественного и анимационного кино)},
	Type = {дис. ... д-ра. искусствоведения},
	Year = {2010}}

@book{lissa.estetika.1964,
	Author = {Лисса, Зофья},
	Comments = {lissa.estetika.1964},
	Date-Added = {2017-12-09 20:52:29 +0000},
	Date-Modified = {2017-12-09 20:54:06 +0000},
	Keywords = {neu},
	Pages = {445},
	Place = {mac},
	Publisher = {М.: Музыка},
	Title = {Эстетика киномузыки},
	Year = {1970}}

@book{propp.morfologiya.1928,
	Author = {Пропп, Владимир Яковлевич},
	Comments = {propp.morfologiya.1928},
	Date-Added = {2017-12-09 20:38:54 +0000},
	Date-Modified = {2017-12-09 20:39:59 +0000},
	Keywords = {neu},
	Publisher = {М.: Лабиринт},
	Title = {Морфология [волшебной] сказки},
	Year = {1998}}

@book{propp.istori4eskie.1946,
	Author = {Пропп, Владимир Яковлевич},
	Comments = {propp.istori4eskie.1946},
	Date-Added = {2017-12-09 20:35:52 +0000},
	Date-Modified = {2017-12-09 20:38:00 +0000},
	Keywords = {neu},
	Place = {mac},
	Publisher = {М.: Рипол Классик},
	Title = {Исторические корни волшебной сказки},
	Year = {2013}}

@book{trahtenberg.masterstvo.1972,
	Author = {Трахтенберг, Лев Соломонович},
	Comments = {trahtenberg.masterstvo.1972},
	Date-Added = {2017-12-09 20:32:31 +0000},
	Date-Modified = {2017-12-09 20:33:18 +0000},
	Keywords = {neu},
	Pages = {191},
	Place = {mac},
	Publisher = {М.: «Искусство»},
	Title = {Мастерство звукооператора},
	Year = {1972}}

@book{kassabian.hearing.2001,
	Author = {Kassabian, Anahid},
	Comments = {kassabian.hearing.2001},
	Date-Added = {2017-12-09 20:25:09 +0000},
	Date-Modified = {2017-12-09 20:26:53 +0000},
	Keywords = {neu},
	Pages = {189},
	Place = {mac},
	Publisher = {New York: Routledge},
	Title = {{Hearing Film : tracking identifications in contemporary Hollywood film music}},
	Year = {2001}}

@book{tarakanov.sbornik.2012,
	Comments = {tarakanov.sbornik.2012},
	Date-Added = {2017-12-09 20:17:39 +0000},
	Date-Modified = {2017-12-09 20:20:27 +0000},
	Editor = {Тараканова, Е. М.},
	Keywords = {neu},
	Pages = {520},
	Place = {mac},
	Publisher = {М.: ГИИ},
	Title = {{Звуковая среда современности. Сборник статей памяти М. Е. Тараканова (1928-1996)}},
	Year = {2012}}

@book{debor.obshestvo.1967,
	Annote = {Дебор Г. Общество спектакля / пер. с фр. C. Офертаса и М. Якубович. --- М.: Логос, 1999. --- 224 с.},
	Author = {Дебор, Ги},
	Comments = {debor.obshestvo.1967},
	Date-Added = {2017-12-09 20:15:26 +0000},
	Date-Modified = {2017-12-09 20:17:06 +0000},
	Keywords = {neu},
	Pages = {224},
	Place = {mac},
	Publisher = {М.: Логос},
	Title = {Общество спектакля},
	Year = {1999}}

@book{ivashkin.ives.1991,
	Author = {Ивашкин, А.},
	Comments = {ivashkin.ives.1991},
	Date-Added = {2017-12-09 16:15:49 +0000},
	Date-Modified = {2017-12-09 16:16:40 +0000},
	Keywords = {neu},
	Pages = {455},
	Place = {mac},
	Publisher = {М.: Сов. композитор},
	Title = {{Чарльз Айвз и музыка ХХ века}},
	Year = {1991}}

@book{slonimskiy.writings.2005,
	Author = {Slonimsky, Nicolas},
	Comments = {slonimskiy.writings.2005},
	Date-Added = {2017-12-09 16:13:09 +0000},
	Date-Modified = {2017-12-09 16:15:03 +0000},
	Keywords = {neu},
	Pages = {381},
	Place = {mac},
	Publisher = {New York: Routledge},
	Title = {Writings on music},
	Year = {2005}}

@book{valeri.ob-iskusstve.1976,
	Author = {Поль, Валери},
	Comments = {valeri.ob-iskusstve.1976},
	Date-Added = {2017-12-09 16:02:00 +0000},
	Date-Modified = {2017-12-09 16:09:40 +0000},
	Keywords = {neu},
	Publisher = {М.: «Искусство»},
	Title = {Об искусстве},
	Year = {1976}}

@book{kukulin.mashini.2015,
	Author = {Кукулин, И.},
	Comments = {kukulin.mashini.2015},
	Date-Added = {2017-12-09 15:58:29 +0000},
	Date-Modified = {2017-12-09 15:59:48 +0000},
	Keywords = {neu},
	Publisher = {М.: Новое литературное обозрение},
	Title = {Машины зашумевшего времени: как советский монтаж стал методом неофициальной культуры},
	Year = {2015}}

@book{delese.kino.1983,
	Author = {Делёз, Жиль},
	Comments = {delese.kino.1983},
	Date-Added = {2017-12-09 15:53:13 +0000},
	Date-Modified = {2017-12-09 15:56:11 +0000},
	Keywords = {neu},
	Pages = {624},
	Publisher = {М.: Ад Маргинем Пресс},
	Title = {Кино},
	Year = {2004}}

@book{delese.razli4ie.1969,
	Author = {Делёз, Жиль},
	Comments = {delese.razli4ie.1969},
	Date-Added = {2017-12-09 15:10:20 +0000},
	Date-Modified = {2017-12-09 15:12:24 +0000},
	Keywords = {neu},
	Pages = {384},
	Publisher = {СПб.: ТОО ТК «Петрополис»},
	Title = {Различие и повторение},
	Year = {1998}}

@book{delese.4to.1991,
	Author = {Делёз, Жиль and Гваттари, Феликс},
	Comments = {delese.4to.1991},
	Date-Added = {2017-12-09 15:05:56 +0000},
	Date-Modified = {2017-12-09 15:09:33 +0000},
	Editor = {Зенкина, С. Н.},
	Keywords = {neu},
	Pages = {288},
	Publisher = {М.: Институт Экспериментальной Социологии},
	Title = {{Что такое философия?}},
	Year = {1998}}

@incollection{bart.mifologii.1957,
	Author = {Барт, Ролан},
	Booktitle = {{Избранные работы: Семиотика: Поэтика}},
	Comments = {bart.mifologii.1957},
	Date-Added = {2017-12-09 15:03:17 +0000},
	Date-Modified = {2018-05-03 12:25:21 +0000},
	Editor = {Косиков, Г. К.},
	Keywords = {neu},
	Publisher = {М.: Прогресс},
	Title = {Мифологии},
	Year = {1989}}

@book{gildebrand.problema.1893,
	Author = {Гильдебранд, Адольф},
	Comments = {gildebrand.problema.1893},
	Date-Added = {2017-12-09 15:00:02 +0000},
	Date-Modified = {2017-12-09 15:02:19 +0000},
	Editor = {Фаворский, В.А. and Розенфельд, Н.Б.},
	Keywords = {neu},
	Publisher = {М.: Логос},
	Title = {{Проблема формы в изобразительном искусстве и собрание статей}},
	Year = {2011}}

@book{delese.oshushenia.1981,
	Author = {Делёз, Жиль},
	Comments = {delese.oshushenia.1981},
	Date-Added = {2017-12-09 14:58:25 +0000},
	Date-Modified = {2017-12-09 14:59:36 +0000},
	Keywords = {neu},
	Pages = {176},
	Place = {mac},
	Publisher = {СПб.: Machina},
	Title = {Логика ощущения},
	Year = {2011}}

@book{jennet.figuri.1966,
	Author = {Женнет, Жерар},
	Comments = {jennet.figuri.1966},
	Date-Added = {2017-12-09 14:54:59 +0000},
	Date-Modified = {2017-12-09 14:57:14 +0000},
	Keywords = {neu},
	Pages = {944},
	Publisher = {{М.: Изд.-во им. Сабашниковых}},
	Title = {{Фигуры. В 2-х томах}},
	Year = {1998}}

@incollection{ostin.slovo.1962,
	Author = {Остин, Джон},
	Booktitle = {Новое в зарубежной лингвистике},
	Comments = {ostin.slovo.1962},
	Date-Added = {2017-12-09 14:49:38 +0000},
	Date-Modified = {2017-12-10 17:58:30 +0000},
	Keywords = {neu},
	Pages = {22-130},
	Publisher = {М.,},
	Title = {Слово как действие},
	Volume = {17},
	Year = {1986}}

@book{chatman.story.1980,
	Author = {Chatman, S. B.},
	Comments = {chatman.story.1980},
	Date-Added = {2017-12-09 14:46:46 +0000},
	Date-Modified = {2017-12-10 17:35:19 +0000},
	Pages = {277},
	Publisher = {{Cornell University Press}},
	Title = {{Story and discourse: Narrative structure in fiction and film}},
	Year = {1980}}

@book{eko.struktura.1967,
	Author = {Эко, Умберто},
	Comments = {eko.struktura.1967},
	Date-Added = {2017-12-09 14:41:11 +0000},
	Date-Modified = {2017-12-10 17:28:27 +0000},
	Publisher = {СПб.: ТОО ТК «Петрополис»},
	Title = {{Отсутствующая структура: Введение в семиологию}},
	Year = {1998}}

@book{kant.sujdenie.1790,
	Author = {Кант, Иммануил},
	Comments = {kant.sujdenie.1790},
	Date-Added = {2017-12-09 14:38:02 +0000},
	Date-Modified = {2017-12-09 14:39:38 +0000},
	Pages = {368},
	Publisher = {М.: «Искусство»},
	Title = {Критика способности суждения},
	Year = {1994}}

@incollection{bart.smert.1968,
	Author = {Барт, Ролан},
	Booktitle = {{Избранные работы: Семиотика: Поэтика}},
	Comments = {bart.smert.1968},
	Date-Added = {2017-12-09 14:31:46 +0000},
	Date-Modified = {2017-12-09 14:35:47 +0000},
	Editor = {Косиков, Г. К.},
	Pages = {384-391},
	Publisher = {М.: Прогресс},
	Title = {Смерть автора},
	Year = {1989}}

@incollection{breton.manifesto-2.1929,
	Author = {Бретон, Андре},
	Booktitle = {Антология французского сюрреализма. 20-е годы},
	Comments = {breton.manifesto-2.1929},
	Date-Added = {2017-12-09 14:21:43 +0000},
	Date-Modified = {2017-12-09 14:29:49 +0000},
	Editor = {Исаев, С.А. and Гальцова, Е.Д.},
	Publisher = {М.: «Гитис»},
	Title = {Второй манифест сюрреализма},
	Year = {1994}}

@incollection{breton.manifesto-1.1924,
	Annote = {* 	Бретон  А.  Манифест  сюрреализма.  ---  В  кн.:  ''Называть  веши  своими  име¬ 
нами'^  М.,  1986,  с.51.
 Барт  Р.  "Писать"  ---  непереходный  глагол,  с.  87.
},
	Author = {Бретон, Андре},
	Booktitle = {Называть вещи своими именами},
	Comments = {breton.manifesto-1.1924},
	Date-Added = {2017-12-09 14:18:50 +0000},
	Date-Modified = {2017-12-09 14:21:36 +0000},
	Publisher = {М.,},
	Title = {Манифест сюрреализма},
	Year = {1986}}

@book{stravinskiy.dialogi.2016,
	Annote = {Диалоги с Робертом Крафтом : избранные места / Игорь Стравинский; пер. с анг. В. А. Линник. - Москва, - Libra Press, 2016. - 257 с. (Uncommon books).
},
	Author = {Крафт, Роберт},
	Comments = {stravinskiy.dialogi.2016},
	Date-Added = {2017-12-09 14:11:48 +0000},
	Date-Modified = {2017-12-09 14:14:31 +0000},
	Pages = {257},
	Publisher = {М.: Libra Press},
	Title = {{Диалоги с Робертом Крафтом : избранные места}},
	Year = {2016}}

@incollection{SSA.bahtin.2001,
	Author = {Аверинцев, Сергей Сергеевич},
	Booktitle = {{М.М. Бахтин: Pro et contra: Личность и творчества М. М. Бахтина в оценке русской и мировой гуманитарной мысли: Антология}},
	Comments = {SSA.bahtin.2001},
	Date-Added = {2017-12-09 14:07:34 +0000},
	Date-Modified = {2017-12-09 14:11:04 +0000},
	Pages = {468-483},
	Publisher = {СПб.},
	Title = {Бахтин, смех, христианская культура},
	Volume = {1},
	Year = {2001}}

@book{bahtin.dostoyevskiy.1929,
	Author = {Бахтин, М. М.},
	Comments = {bahtin.dostoyevskiy.1929},
	Date-Added = {2017-12-09 14:00:32 +0000},
	Date-Modified = {2017-12-09 14:02:12 +0000},
	Publisher = {Алконост},
	Title = {{Проблемы творчества Достоевского}},
	Volume = {4},
	Year = {1994}}

@book{eizenstein.izbrannie-3.1964,
	Author = {Эйзенштейн, Сергей},
	Comments = {eizenstein.izbrannie.1964},
	Date-Added = {2017-12-09 09:22:01 +0000},
	Date-Modified = {2017-12-09 09:23:28 +0000},
	Pages = {672},
	Publisher = {М.: «Искусство»},
	Title = {Избранные произведения в шести томах},
	Volume = {3},
	Year = {1964}}

@electronic{bibler.montaj.1985,
	Accessed = {09.12.2017},
	Author = {Библер, Владимир Соломонович},
	Comments = {bibler.montaj.1985},
	Date-Added = {2017-12-09 09:17:06 +0000},
	Date-Modified = {2017-12-10 17:34:13 +0000},
	Title = {Монтаж},
	Url = {https://www.bibler.ru/bik_montazh.html},
	Urldate = {09.12.2017},
	Year = {1985},
	Bdsk-Url-1 = {https://www.bibler.ru/bik_montazh.html}}

@book{favorskiy.ob-iskusstve.1986,
	Author = {Фаворский, Владимир Андреевич},
	Comments = {favorskiy.ob-iskusstve.1986},
	Date-Added = {2017-12-09 09:12:39 +0000},
	Date-Modified = {2017-12-10 17:24:52 +0000},
	Pages = {218},
	Publisher = {М.: «Книга»},
	Title = {Об искусстве, о книге, о гравюре},
	Year = {1986}}

@book{jdan.vvedenie.1972,
	Author = {Ждан, Виталий},
	Comments = {jdan.vvedenie.1972},
	Date-Added = {2017-12-09 09:09:26 +0000},
	Date-Modified = {2017-12-09 09:11:14 +0000},
	Pages = {327},
	Publisher = {М.: «Искусство»},
	Title = {Введение в эстетику фильма},
	Year = {1972}}

@book{stross.dikaya.1962,
	Annote = {Леви-Стросс, К. (2008) Тотемизм сегодня. Неприрученная мысль. М. : Академический проект.},
	Author = {Леви-Стросс, Клод},
	Comments = {stross.dikaya.1962},
	Date-Added = {2017-12-09 08:59:16 +0000},
	Date-Modified = {2017-12-09 09:01:16 +0000},
	Pages = {384},
	Publisher = {М.: Академический проект},
	Title = {{Тотемизм сегодня. Неприрученная мысль}},
	Year = {2008}}

@book{benjamen.kratkaya.1931,
	Author = {Беньямин, Вальтер},
	Comments = {benjamen.kratkaya.1931},
	Date-Added = {2017-12-09 08:47:16 +0000},
	Date-Modified = {2017-12-09 08:53:49 +0000},
	Pages = {168},
	Publisher = {М.: Ад Маргинем Пресс},
	Title = {Краткая история фотографии},
	Year = {2015}}

@book{bart.tretiy.2015,
	Author = {Барт, Ролан},
	Comments = {bart.tretiy.},
	Date-Added = {2017-12-09 08:45:32 +0000},
	Date-Modified = {2017-12-09 08:46:55 +0000},
	Pages = {104},
	Publisher = {М.: Ад Маргинем Пресс},
	Title = {Третий смысл.},
	Year = {2015}}

@book{leotard.sostoyanie.1979,
	Annote = {Лиотар Ж. Ф. Состояние постмодерна/Жан-Франсуа Лиотар;[пер. с фр. НА Шматко] //М.: Институт экспериментальной социологии. -- 1998.},
	Author = {Лиотар, Жан-Франсуа},
	Comments = {leotard.sostoyanie.1979},
	Date-Added = {2017-12-09 08:39:35 +0000},
	Date-Modified = {2017-12-09 08:44:21 +0000},
	Publisher = {М.: Институт экспериментальной социологии},
	Title = {Состояние постмодерна},
	Year = {1998}}

@book{grossman.dostoevskiy.1925,
	Annote = {Леонид  Гроссман,  Поэтика  Достоевского,  Государственная   Академия
художественных наук, М. 1925
},
	Author = {Гроссман, Леонид},
	Comments = {grossman.dostoevskiy.},
	Date-Added = {2017-12-07 08:02:04 +0000},
	Date-Modified = {2017-12-07 08:03:11 +0000},
	Publisher = {М.: Государственная Академия художественных наук},
	Title = {{Поэтика Достоевского}},
	Year = {1925}}

@article{bart.narrativ.1987,
	Annote = {Барт Р. Введение в структурный анализ повествовательных текстов //Зарубежная эстетика и теория литературы XIX-XX вв. -- 1987. -- С. 387-422.},
	Author = {Барт, Ролан},
	Comments = {bart.narrativ.},
	Date-Added = {2017-11-24 08:06:20 +0000},
	Date-Modified = {2017-11-24 08:07:51 +0000},
	Journal = {Зарубежная эстетика и теория литературы XIX-XX вв.},
	Pages = {387-422.},
	Place = {mac},
	Title = {Введение в структурный анализ повествовательных текстов},
	Year = {1987}}

@book{jung.arhetip.1991,
	Annote = {Юнг К. Г. Архетип и символ. -- Renaissance, 1991.},
	Author = {Юнг, Карл Густав},
	Comments = {jung.arhetip.},
	Date-Added = {2017-11-10 09:20:25 +0000},
	Date-Modified = {2017-12-09 16:00:18 +0000},
	Keywords = {neu},
	Pages = {300},
	Publisher = {М.: Ренессанс},
	Title = {{Архетип и символ}},
	Year = {1991}}

@book{favorskiy.nasledie.1988,
	Annote = {Фаворский В. А. Литературно-теоретическое наследие. -- Советский художник, 1988.},
	Author = {Фаворский, В. А.},
	Comments = {favorskiy.nasledie.},
	Date-Added = {2017-11-10 09:04:38 +0000},
	Date-Modified = {2017-11-10 09:09:20 +0000},
	Pages = {588},
	Place = {mac},
	Publisher = {Советский художник},
	Title = {Литературно-теоретическое наследие.},
	Year = {1988}}

@book{fletcher.romantic.1967,
	Annote = {Fletcher I. (ed.). Romantic mythologies. -- Routledge, 2016. -- Т. 9.},
	Comments = {fletcher.romantic.},
	Date-Added = {2017-11-10 08:24:22 +0000},
	Date-Modified = {2017-12-10 17:56:30 +0000},
	Editor = {Fletcher, Ian},
	Keywords = {neu},
	Pages = {332},
	Publisher = {London, Routledge & Kegan Paul},
	Title = {{Romantic Mythologies}},
	Year = {1967}}

@book{aldoshina.psihoakustika.2000,
	Annote = {Алдошина И. Основы психоакустики //М.: Оборонгиз. -- 2000.},
	Author = {Алдошина, И. А.},
	Comments = {aldoshina.psihoakustika.},
	Date-Added = {2017-11-06 07:54:34 +0000},
	Date-Modified = {2017-11-06 07:59:41 +0000},
	Publisher = {М.: Оборонгиз},
	Title = {Основы психоакустики},
	Year = {2000}}

@periodical{gould.prospects.1966,
	Annote = {Gould G. The prospects of recording //High Fidelity. -- 1966. -- Т. 16. -- №. 4. -- С. 46-63.},
	Author = {Gould, G.},
	Comments = {gould.prospects.},
	Date-Added = {2017-11-06 07:49:28 +0000},
	Date-Modified = {2017-11-06 07:51:26 +0000},
	Journal = {High Fidelity},
	Pages = {46-63},
	Place = {web},
	Title = {The prospects of recording},
	Volume = {4},
	Year = {1966}}

@book{dinov.zvukovaya.2002,
	Author = {Динов, В. Г.},
	Comments = {dinov.zvukovaya.},
	Date-Added = {2017-11-06 06:03:09 +0000},
	Date-Modified = {2017-11-06 06:05:20 +0000},
	Pages = {368},
	Place = {mac},
	Publisher = {Санкт-Петербург: «Геликон Плюс»},
	Title = {{Звуковая картина: Записки о звукорежиссуре}},
	Year = {2002}}

@book{fletcher.beardsley.1987,
	Author = {Ian Fletcher},
	Comments = {fletcher.beardsley.},
	Date-Added = {2017-11-01 13:42:26 +0000},
	Date-Modified = {2017-11-01 13:44:58 +0000},
	Keywords = {II-carnival},
	Pages = {206},
	Place = {РГБ},
	Publisher = {Boston, Massachusetts: Twayne Publishers},
	Title = {{Aubrey Beardsley}},
	Year = {1987}}

@book{savitzkaya.king.2008,
	Author = {Савицкая, Елена Александровна},
	Comments = {savitzkaya.king.2008},
	Date-Added = {2017-11-01 13:39:30 +0000},
	Date-Modified = {2017-11-01 13:41:06 +0000},
	Keywords = {II-sound},
	Pages = {368},
	Place = {РГБ},
	Publisher = {М: Галина Е.Г.},
	Title = {{KING CRIMSON. Великие обманщики: музыковед. исслед.}},
	Year = {2008}}

@book{savitzkaya.progressiv.2015,
	Author = {Савицкая, Елена Александровна},
	Comments = {savitzkaya.progressiv.2015},
	Date-Added = {2017-11-01 13:37:02 +0000},
	Date-Modified = {2017-11-01 13:39:21 +0000},
	Keywords = {II-sound},
	Number = {ISBN 987-5-906326-04-1},
	Pages = {304},
	Place = {РГБ},
	Publisher = {М.: ИП Галин А.В.},
	Title = {{Прогрессив-рок: герои и судьбы}},
	Year = {2015}}

@conference{4ernishov.doklad.2014,
	Annote = {Чернышов, А. В. Киномузыка: опыт изучения [Электронный ресурс]. // Музыкальная наука в          едином культурном пространстве. IV Международная интернет-конференция. --- 2014. URL: http://     gnesinstudy.ru/?p=227#more-227 (дата обращения: 19.04.2017)},
	Author = {Чернышов, А. В.},
	Booktitle = {Музыкальная наука в едином культурном пространстве. IV Международная интернет-конференция},
	Comments = {4ernishov.doklad.},
	Date-Added = {2017-10-19 14:17:42 +0000},
	Date-Modified = {2017-10-19 14:21:08 +0000},
	Lastchecked = {19.10.2017},
	Title = {Киномузыка: опыт изучения},
	Url = {http://gnesinstudy.ru/?p=227#more-227},
	Year = {2014},
	Bdsk-Url-1 = {http://gnesinstudy.ru/?p=227#more-227}}

@book{Saponov.Bach.2015,
	Annote = {Сапонов  М.
 Себастьян Бах: Хоралы Святому Духу (Лейпцигская органная рукопись): Монография. М.: НИЦ «Московская 
консерватория», 2015. 200 с.},
	Author = {Сапонов, М.},
	Comments = {Saponov.Bach.},
	Date-Added = {2017-10-18 17:27:13 +0000},
	Date-Modified = {2017-10-18 17:30:12 +0000},
	Keywords = {bib.cards},
	Pages = {200},
	Publisher = {М.: НИЦ «Московская консерватория»},
	Title = {{Себастьян Бах: Хоралы Святому Духу (Лейпцигская органная рукопись)}},
	Year = {2015}}

@electronic{britt.affections,
	Annote = {
    Contributor:
    The Editors of Encyclop{\ae}dia Britannica
    Article Title:
    doctrine of the affections
    Website Name:
    Encyclop{\ae}dia Britannica
    Publisher:
    Encyclop{\ae}dia Britannica, inc.
    Date Published:
    марта 24, 2014
    URL:
    https://www.britannica.com/art/doctrine-of-the-affections
    Access Date:
    октября 16, 2017
},
	Author = {{The Editors of Encyclop{\ae}dia Britannica.}},
	Booktitle = {Encyclop{\ae}dia Britannica},
	Comments = {britt.affections},
	Date-Added = {2017-10-16 09:31:16 +0000},
	Date-Modified = {2017-10-16 09:41:36 +0000},
	Lastchecked = {октября 16, 2017},
	Title = {Doctrine of the affections},
	Url = {https://www.britannica.com/art/doctrine-of-the-affections},
	Urldate = {марта 24, 2014},
	Bdsk-Url-1 = {https://www.britannica.com/art/doctrine-of-the-affections}}

@book{clere.razm.1958,
	Annote = {Клер
Р
., 
Размышления
о
киноискусстве
, «
Искусство
», 1958.   },
	Author = {Клер, Рене},
	Comments = {clere.razm.},
	Date-Added = {2017-10-16 07:11:30 +0000},
	Date-Modified = {2017-10-16 07:12:47 +0000},
	Publisher = {М.: «Искусство»},
	Title = {Размышления о киноискусстве},
	Year = {1958}}

@book{enc.voc.2009,
	Annote = {Большой Российский энциклопедический словарь. Большая Российская
энциклопедия, Москва, 2007, 1888с},
	Comments = {enc.voc.},
	Date-Added = {2017-10-16 05:55:18 +0000},
	Date-Modified = {2017-10-16 05:59:07 +0000},
	Pages = {1888},
	Publisher = {М.: ДРОФА},
	Title = {Большой Российский энциклопедический словарь},
	Year = {2009}}

@book{tzar.vremya.2003,
	Author = {Цареградская, Т. В.},
	Comments = {tzar.vremya.},
	Date-Added = {2017-10-11 17:15:13 +0000},
	Date-Modified = {2017-12-11 13:10:02 +0000},
	Pages = {376},
	Publisher = {М.: Классика -- XXI},
	Title = {{Время и ритм в творчестве Оливье Мессиана}},
	Year = {2003}}

@article{TN.overdub.2004,
	Author = {Adams, Doug},
	Date-Added = {2017-10-11 10:28:17 +0000},
	Date-Modified = {2017-10-11 10:32:39 +0000},
	Journal = {Film Score Monthly},
	Month = {Январь},
	Number = {1},
	Title = {{An interview with the overdubbing prince of Hollywood film scoring}},
	Volume = {9},
	Year = {2004}}

@incollection{mine.sound1.2016,
	Author = {Александр Владимирович Тавризян},
	Booktitle = {{Исследования молодых музыковедов: Сб. статей.}},
	Comments = {mine., sound1.},
	Date-Added = {2017-10-11 09:18:33 +0000},
	Date-Modified = {2017-12-11 13:07:01 +0000},
	Pages = {36-44},
	Publisher = {М.: Пробел-2000},
	Title = {{Поэтика саунда в саундтреке к фильму «Красота по-Американски»}},
	Year = {2016}}

@conference{savitzkaya.retro.2009,
	Annote = {Может ли ретро быть прогрессивным? (К проблеме авторского стиля в современном прогрессив-роке) // Диалогическое пространство музыки в меняющемся мире: Сборник по материалам Международной научно-практической конференции / ред. колл: О.Б. Краснова, Е.И. Вартанова и др. Саратов: Саратовская гос. консерватория им. Л.В. Собинова, 2009. С. 280 --- 287. },
	Author = {Савицкая, Елена Александровна},
	Booktitle = {{Диалогическое пространство музыки в меняющемся мире: Сборник по материалам Международной научно-практической конференции. Саратов: Саратовская гос. консерватория им. Л.В. Собинова}},
	Comments = {savitzkaya., retro.},
	Date-Added = {2017-10-11 08:37:01 +0000},
	Date-Modified = {2017-12-11 13:04:45 +0000},
	Editor = {Краснова, О.Б. and Вартанова, Е.И.},
	Pages = {280 - 287},
	Publisher = {Саратов: Саратовская гос. консерватория им. Л.В. Собинова},
	Title = {Может ли ретро быть прогрессивным? (К проблеме авторского стиля в современном прогрессив-роке)},
	Year = {2009}}

@book{wright.4to,
	Author = {Райт, Н. Т.},
	Date-Added = {2017-09-21 22:19:47 +0000},
	Date-Modified = {2017-09-21 22:21:16 +0000},
	Pages = {186},
	Publisher = {М.: Библейско-богословский институт св. апостола Андрея},
	Title = {Что на самом деле сказал апостол Павел},
	Year = {2010}}

@book{brown.vvedenie_1,
	Author = {Браун, Р},
	Date-Added = {2017-09-21 22:14:24 +0000},
	Date-Modified = {2017-09-21 22:17:05 +0000},
	Pages = {571},
	Publisher = {Л. Ковтун. М.: Библейско-богословский институт св. апостола Андрея},
	Title = {Введение в Новый завет: в 2 т./пер. с англ},
	Year = {2007}}

@book{dunn.edinstvo,
	Author = {Данн, Джеймс Д},
	Date-Added = {2017-09-21 22:12:15 +0000},
	Date-Modified = {2017-09-21 22:13:46 +0000},
	Publisher = {ББИ св. апостола Андрея М.},
	Title = {Единство и многообразие в Новом Завете},
	Year = {1997}}

@webpage{via.kerigma,
	Author = {Якунцев Владимир},
	Date-Added = {2017-09-21 22:02:46 +0000},
	Date-Modified = {2017-09-21 22:05:58 +0000},
	Keywords = {SFI},
	Lastchecked = {20.05.2017},
	Month = {05},
	Title = {Что такое керигма},
	Url = {https://sfi.ru/science/nauchno-praktichieskiie-konfierientsii/traditsiia-sviatootiechieskoi-katiekhizatsii-kierighmatichieskaia-propovied-o-khristie-dlia-slushaiushchikh-i-prosvieshchaiemykh-2016/izbrannyie-doklady/osobiennosti-sovriemiennoi-pravoslavnoi-propoviedi-o-khristie-na-urovnie-kierighmy.html},
	Year = {2016},
	Bdsk-Url-1 = {https://sfi.ru/science/nauchno-praktichieskiie-konfierientsii/traditsiia-sviatootiechieskoi-katiekhizatsii-kierighmatichieskaia-propovied-o-khristie-dlia-slushaiushchikh-i-prosvieshchaiemykh-2016/izbrannyie-doklady/osobiennosti-sovriemiennoi-pravoslavnoi-propoviedi-o-khristie-na-urovnie-kierighmy.html}}

@book{dodd.apostolic,
	Author = {Dodd C. H.},
	Date-Added = {2017-09-21 22:01:20 +0000},
	Date-Modified = {2017-09-21 22:02:34 +0000},
	Publisher = {Harper and Row},
	Title = {The Apostolic Preaching and Its Developments},
	Year = {1964}}

@misc{rpc.concepcia,
	Date-Added = {2017-09-21 21:57:32 +0000},
	Date-Modified = {2017-09-21 22:14:11 +0000},
	Title = {Концепция миссионерской деятельности Русской Православной Церкви}}

@book{ogk.mag.,
	Author = {Кочетков Георгий, свящ},
	Date-Added = {2017-09-21 21:53:47 +0000},
	Date-Modified = {2017-09-21 21:57:26 +0000},
	Keywords = {SFI},
	Publisher = {М.: Свято-Сергиевский православный богословский институт в Париже},
	Title = {Таинственное введение в православную катехетику. Пастырско-богословские принципы и рекомендации совершающим крещение и миропомазание и подготовку к ним. Диссертация на степень maitrise de theologie.},
	Year = {1998}}

@book{Kholopov.MTS.2006,
	Abstract = {Холопов ю., Кириллина л., Кюрегян Т., Лыжов Г., Поспелова Р., Ценова В. Музыкально-теоретические системы: Учебник для·историко-теоретичес- ких и композиторских факультетов музыкальных вузов. М., 2006. - 632 с.},
	Author = {Холопов, Ю. and Кириллина, Л. and Кюрегян, Т. and Лыжов, Г. and Поспелова, Р. and Ценова, В.},
	Comments = {Kholopov.MTS.},
	Date-Added = {2017-08-28 14:08:55 +0000},
	Date-Modified = {2017-12-09 14:29:22 +0000},
	Keywords = {III-XX},
	Pages = {632},
	Place = {dig},
	Publisher = {М.},
	Title = {Музыкально-теоретические системы: Учебник для историко-теоретических и композиторских факультетов музыкальных вузов},
	Year = {2006},
	Bdsk-File-1 = {YnBsaXN0MDDUAQIDBAUGJCVYJHZlcnNpb25YJG9iamVjdHNZJGFyY2hpdmVyVCR0b3ASAAGGoKgHCBMUFRYaIVUkbnVsbNMJCgsMDxJXTlMua2V5c1pOUy5vYmplY3RzViRjbGFzc6INDoACgAOiEBGABIAFgAdccmVsYXRpdmVQYXRoWWFsaWFzRGF0YW8QWAAuAC4ALwAuAC4ALwAuAC4ALwBNAHkAIABQAHIAbwBqAGUAYwB0AHMALwAwADAAMAAgAEEAUwBQAEkAUgBPAC8ALQAtAEwASQBCAFIAQQBSAFkAIABuAGUAdQAvBDwEQwQ3BEsEOgQ+BDIENQQ0BDUEPQQ4BDUALwBtAG8AbgBvACAALQAgBCUEPgQ7BD4EPwQ+BDIALAAgBBwEIgQhACAAMgAwADAANgAuAHAAZABm0hcLGBlXTlMuZGF0YU8RAjgAAAAAAjgAAgAADE1hY2ludG9zaCBIRAAAAAAAAAAAAAAAAAAAANWqZMNIKwAAACAQhhJtb25vIC0gIzIwMTA3Qi5wZGYAAAAAAAAAAAAAAAAAAAAAAAAAAAAAAAAAAAAAAAAAAAAAAAAAAAAAAAAAAAAAIBB71Ei2EQAAAAAAAAAAAAMABQAACSAAAAAAAAAAAAAAAAAAAAAN7PPn++ru4uXk5e3o5QAAEAAIAADVqjqTAAAAEQAIAADUSIvhAAAAAQAcACAQhgAW4HwAC03yAAtL6AAJy58ABr46AAKYWgACAGtNYWNpbnRvc2ggSEQ6VXNlcnM6AG1hYzoARHJvcGJveDoATXkgUHJvamVjdHM6ADAwMCBBU1BJUk86AC0tTElCUkFSWSBuZXU6AOzz5/vq7uLl5OXt6OU6AG1vbm8gLSAjMjAxMDdCLnBkZgAADgA6ABwAbQBvAG4AbwAgAC0AIAQlBD4EOwQ+BD8EPgQyACwAIAQcBCIEIQAgADIAMAAwADYALgBwAGQAZgAPABoADABNAGEAYwBpAG4AdABvAHMAaAAgAEgARAASAHhVc2Vycy9tYWMvRHJvcGJveC9NeSBQcm9qZWN0cy8wMDAgQVNQSVJPLy0tTElCUkFSWSBuZXUv0LzRg9C30YvQutC+0LLQtdC00LXQvdC40LUvbW9ubyAtINCl0L7Qu9C+0L/QvtCyLCDQnNCi0KEgMjAwNi5wZGYAEwABLwAAFQACAAr//wAAgAbSGxwdHlokY2xhc3NuYW1lWCRjbGFzc2VzXU5TTXV0YWJsZURhdGGjHR8gVk5TRGF0YVhOU09iamVjdNIbHCIjXE5TRGljdGlvbmFyeaIiIF8QD05TS2V5ZWRBcmNoaXZlctEmJ1Ryb290gAEACAARABoAIwAtADIANwBAAEYATQBVAGAAZwBqAGwAbgBxAHMAdQB3AIQAjgFBAUYBTgOKA4wDkQOcA6UDswO3A74DxwPMA9kD3APuA/ED9gAAAAAAAAIBAAAAAAAAACgAAAAAAAAAAAAAAAAAAAP4}}

@book{Chion.Sound.1994,
	Author = {Chion, Michel},
	Comments = {Chion.Sound.},
	Date-Added = {2017-08-10 20:53:51 +0000},
	Date-Modified = {2017-08-10 20:54:37 +0000},
	Keywords = {II-OST},
	Pages = {239},
	Place = {dig},
	Publisher = {Columbia University Press},
	Title = {Audio-vision: Sound on Screen},
	Year = {1994}}

@book{Chion.Film.2009,
	Author = {Chion, Michel},
	Comments = {Chion.Film.},
	Date-Added = {2017-08-10 20:51:24 +0000},
	Date-Modified = {2017-08-10 20:52:07 +0000},
	Keywords = {II-OST},
	Place = {dig},
	Publisher = {Columbia University Press},
	Title = {Film, a Sound Art},
	Year = {2009}}

@book{moore.analysing.2003,
	Abstract = {Allan F. Moore, editor. Cambridge, UK:Cambridge University Press, 2003. ix, 270 pp.},
	Comments = {moore.analysing.2003},
	Date-Added = {2017-08-10 20:31:38 +0000},
	Date-Modified = {2017-12-11 07:07:27 +0000},
	Editor = {Moore, Alan},
	Keywords = {neun},
	Pages = {270},
	Place = {dig},
	Publisher = {Cambridge, UK:Cambridge University Press},
	Title = {Analyzing Popular Music.},
	Year = {2003}}

@book{Razlogov.Stroenie.1985,
	Comments = {Razlogov.Stroenie.},
	Date-Added = {2017-08-10 20:23:53 +0000},
	Date-Modified = {2017-08-10 20:28:05 +0000},
	Editor = {Разлогов К.},
	Keywords = {III-Cin},
	Publisher = {М.: "Радуга"},
	Title = {Строение фильма. Некоторые проблемы анализа произведений экрана},
	Year = {1985}}

@incollection{Surr.Manifesto.1967,
	Abstract = {
MANIFESTO OF THE SURREALISTS CONCERNING L'AGE D'OR (France, 1930)
The Surrealist Group (Maxime Alexandre, Louis Aragon, Andr{\'e} Breton, Ren{\'e} Char, Ren{\'e} Crevel, Salvador Dal{\'\i}, Paul Eluard, Benjamin P{\'e}ret, Georges Sadoul, Andr{\'e} Thirion, Tristan Tzara, Pierre Unik, Albert Valentin)
// MacKenzie, Scott, 1967--.
Film manifestos and global cinema cultures : a critical anthology / Scott
MacKenzie.},
	Author = {The Surrealist Group (Maxime Alexandre, Louis Aragon, Andr{\'e} Breton, Ren{\'e} Char, Ren{\'e} Crevel, Salvador Dal{\'\i}, Paul Eluard, Benjamin P{\'e}ret, Georges Sadoul, Andr{\'e} Thirion, Tristan Tzara, Pierre Unik, Albert Valentin)},
	Booktitle = {Film manifestos and global cinema cultures : a critical anthology, 1967},
	Comments = {Surr.Manifesto.},
	Date-Added = {2017-08-10 20:14:46 +0000},
	Date-Modified = {2017-12-11 14:17:45 +0000},
	Editor = {MacKenzie, Scott},
	Keywords = {neu, II-kar},
	Place = {dig},
	Publisher = {Studio 28 Cinema (Paris)},
	Title = {{Manifesto of the surrealists}},
	Year = {1930}}

@phdthesis{Eaton.Unheard.2008,
	Abstract = {Eaton, Rebecca. 2008. ``Unheard Minimalisms: The Functions of the Minimalist Technique in Film Scores.'' Ph.D. dissertation, University of Texas Austin. },
	Author = {Eaton, Rebecca},
	Comments = {Eaton.Unheard.},
	Date-Added = {2017-08-10 19:50:08 +0000},
	Date-Modified = {2017-12-11 21:01:35 +0000},
	Keywords = {II-m-t},
	School = {University of Texas Austin},
	Title = {Unheard Minimalisms: The Functions of the Minimalist Technique in Film Scores.''Unheard Minimalisms: The Functions of the Minimalist Technique in Film Scores},
	Type = {dis. ... doc. of mus. arts},
	Year = {2008},
	Bdsk-File-1 = {YnBsaXN0MDDUAQIDBAUGJCVYJHZlcnNpb25YJG9iamVjdHNZJGFyY2hpdmVyVCR0b3ASAAGGoKgHCBMUFRYaIVUkbnVsbNMJCgsMDxJXTlMua2V5c1pOUy5vYmplY3RzViRjbGFzc6INDoACgAOiEBGABIAFgAdccmVsYXRpdmVQYXRoWWFsaWFzRGF0YW8QagAuAC4ALwAuAC4ALwAuAC4ALwBNAHkAIABQAHIAbwBqAGUAYwB0AHMALwAwADAAMAAgAEEAUwBQAEkAUgBPAC8ALQAtAEwASQBCAFIAQQBSAFkAIABuAGUAdQAvBDoEOAQ9BD4EPARDBDcESwQ6BDAALwBFAGEAdABvAG4AIABSAGUAYgBlAGMAYwBhAC4AIABVAG4AaABlAGEAcgBkACAATQBpAG4AaQBtAGEAbABzACAAaQBuACAARgBpAGwAbQAgAE0AdQBzAGkAYwAuAHAAZABm0hcLGBlXTlMuZGF0YU8RAm4AAAAAAm4AAgAADE1hY2ludG9zaCBIRAAAAAAAAAAAAAAAAAAAANWqZMNIKwAAABbjzB9FYXRvbiBSZWJlY2NhLiBVbmhlYSMxNkUzRkEucGRmAAAAAAAAAAAAAAAAAAAAAAAAAAAAAAAAAAAAAAAAAAAAFuP61a4E6wAAAAAAAAAAAAMABQAACSAAAAAAAAAAAAAAAAAAAAAK6ujt7uzz5/vq4AAQAAgAANWqOpMAAAARAAgAANWt2rsAAAABABwAFuPMABbgfAALTfIAC0voAAnLnwAGvjoAAphaAAIAdU1hY2ludG9zaCBIRDpVc2VyczoAbWFjOgBEcm9wYm94OgBNeSBQcm9qZWN0czoAMDAwIEFTUElSTzoALS1MSUJSQVJZIG5ldToA6ujt7uzz5/vq4DoARWF0b24gUmViZWNjYS4gVW5oZWEjMTZFM0ZBLnBkZgAADgBkADEARQBhAHQAbwBuACAAUgBlAGIAZQBjAGMAYQAuACAAVQBuAGgAZQBhAHIAZAAgAE0AaQBuAGkAbQBhAGwAcwAgAGkAbgAgAEYAaQBsAG0AIABNAHUAcwBpAGMALgBwAGQAZgAPABoADABNAGEAYwBpAG4AdABvAHMAaAAgAEgARAASAH1Vc2Vycy9tYWMvRHJvcGJveC9NeSBQcm9qZWN0cy8wMDAgQVNQSVJPLy0tTElCUkFSWSBuZXUv0LrQuNC90L7QvNGD0LfRi9C60LAvRWF0b24gUmViZWNjYS4gVW5oZWFyZCBNaW5pbWFscyBpbiBGaWxtIE11c2ljLnBkZgAAEwABLwAAFQACAAr//wAAgAbSGxwdHlokY2xhc3NuYW1lWCRjbGFzc2VzXU5TTXV0YWJsZURhdGGjHR8gVk5TRGF0YVhOU09iamVjdNIbHCIjXE5TRGljdGlvbmFyeaIiIF8QD05TS2V5ZWRBcmNoaXZlctEmJ1Ryb290gAEACAARABoAIwAtADIANwBAAEYATQBVAGAAZwBqAGwAbgBxAHMAdQB3AIQAjgFlAWoBcgPkA+YD6wP2A/8EDQQRBBgEIQQmBDMENgRIBEsEUAAAAAAAAAIBAAAAAAAAACgAAAAAAAAAAAAAAAAAAARS}}

@book{Akopyan.Slovar.2010,
	Abstract = {Акопян Л.О. Музыка XX века. Энциклопедический словарь 
М.: Практика, 2010. - 853 с.  },
	Author = {Акопян, Л.О.},
	Date-Added = {2017-08-10 21:13:05 +0300},
	Date-Modified = {2017-08-28 14:16:34 +0000},
	Keywords = {III-XX},
	Place = {dig},
	Publisher = {М.: Практика},
	Title = {Музыка XX века. Энциклопедический словарь},
	Year = {2010}}

@book{Bahtin.Rable.1965,
	Abstract = {Бахтин М. М. Творчество Франсуа Рабле и народная культура средневековья и Ренессанса. 2-е изд. М.: Худож. лит., 1990. 543 с.},
	Author = {Бахтин, М. М.},
	Comments = {Bahtin.Rable.},
	Date-Added = {2017-08-10 15:28:48 +0300},
	Date-Modified = {2017-10-11 10:09:07 +0000},
	Edition = {2},
	Keywords = {II-kar},
	Pages = {543},
	Place = {dig},
	Publisher = {М.: Худож. лит.},
	Title = {{Творчество Франсуа Рабле и народная культура средневековья и Ренессанса}},
	Year = {1965}}
